@misc{FekryQRNG2023,
  author = {Gehad Salem Fekry},
  title = {qrng: Quantum Random Number Generator code repository},
  year = {2023},
  howpublished = {\url{https://github.com/GehadSalemFekry/qrng/}},
  note = {Accessed: 2025-05-24}
}

@techreport{nist80090a,
  author = {Elaine Barker and John Kelsey},
  title = {Recommendation for Random Number Generation Using Deterministic Random Bit Generators (Revised)},
  institution = {National Institute of Standards and Technology (NIST)},
  number = {Special Publication 800-90A Revision 1},
  year = {2015},
  month = {June},
  url = {https://nvlpubs.nist.gov/nistpubs/SpecialPublications/NIST.SP.800-90Ar1.pdf}
}

@techreport{nist80038d,
  author = {Morris Dworkin},
  title = {Recommendation for Block Cipher Modes of Operation: Galois/Counter Mode (GCM) and GMAC},
  institution = {National Institute of Standards and Technology (NIST)},
  number = {Special Publication 800-38D},
  year = {2007},
  month = {November},
  url = {https://nvlpubs.nist.gov/nistpubs/Legacy/SP/nistspecialpublication800-38d.pdf}
}

@techreport{kelsey2019,
  author = {John Kelsey and Lucas Brand√£o T. A. and Rafael Peralta and Joseph Booth},
  title = {A Proposal for a Beacon Design},
  institution = {National Institute of Standards and Technology (NIST)},
  year = {2019},
  url = {https://csrc.nist.gov/CSRC/media/Projects/Random-Number-Generation/documents/beacon/NIST-Beacon-Proposal-v2.0.pdf}
}

@techreport{kelsey2018,
  author = {John Kelsey},
  title = {Randomness Beacon Background and Overview},
  institution = {National Institute of Standards and Technology (NIST)},
  year = {2018},
  url = {https://csrc.nist.gov/publications/detail/nistir/8219/final}
}

@misc{mechalas2018,
  author = {David Mechalas},
  title = {Intel Digital Random Number Generator (DRNG) Software Implementation Guide},
  year = {2018},
  howpublished = {\url{https://software.intel.com/content/www/us/en/develop/articles/intel-digital-random-number-generator-drng-software-implementation-guide.html}},
  note = {Accessed: 2025-05-24}
}

@article{zhang2021,
  author = {Yanbao Zhang and Hsin-Pin Lo and Alan Mink and Takuya Ikuta and Toshimori Honjo and Hiroki Takesue and William J. Munro},
  title = {A Simple Low-Latency Real-Time Certifiable Quantum Random Number Generator},
  journal = {npj Quantum Information},
  volume = {7},
  number = {1},
  pages = {71},
  year = {2021},
  doi = {10.1038/s41534-021-00433-z}
}

@techreport{kelsey2021,
  author = {John Kelsey},
  title = {NIST Randomness Beacon: Design and Implementation},
  institution = {National Institute of Standards and Technology (NIST)},
  year = {2021},
  url = {https://csrc.nist.gov/publications/detail/nistir/8380/final}
}

@techreport{nist80022,
  title = {A Statistical Test Suite for Random and Pseudorandom Number Generators for Cryptographic Applications},
  author = {{National Institute of Standards and Technology (NIST)}},
  year = {2010},
  institution = {NIST},
  number = {SP 800-22 Rev 1a},
  url = {https://csrc.nist.gov/publications/detail/sp/800-22/rev-1a/final}
}

@techreport{nist800-90a,
  title        = {Recommendation for Random Number Generation Using Deterministic Random Bit Generators},
  author       = {D. Eastlake, S. Crocker, J. Schiller},
  institution  = {National Institute of Standards and Technology (NIST)},
  type         = {Special Publication 800-90A Revision 1},
  number       = {SP 800-90A Rev. 1},
  year         = {2015},
  address      = {Gaithersburg, MD},
  url          = {https://doi.org/10.6028/NIST.SP.800-90Ar1}
}

@techreport{nist-sp800-90a,
  author       = {National Institute of Standards and Technology (NIST)},
  title        = {Recommendation for Random Number Generation Using Deterministic Random Bit Generators},
  institution  = {NIST},
  type         = {NIST Special Publication},
  number       = {800-90A Rev. 1},
  year         = {2015},
  month        = {June},
  url          = {https://doi.org/10.6028/NIST.SP.800-90Ar1},
  note         = {Revision 1}
}
