@article{ejemplo2024,
  author = {Pérez, Juan and Gómez, Ana},
  title = {Un Estudio sobre Modelos de Clasificación de Imágenes},
  journal = {Revista de Inteligencia Artificial},
  year = {2024},
  volume = {10},
  pages = {1--10}
}

@techreport{nist80090a,
  author = {Elaine Barker and John Kelsey},
  title = {Recommendation for Random Number Generation Using Deterministic Random Bit Generators (Revised)},
  institution = {National Institute of Standards and Technology (NIST)},
  number = {Special Publication 800-90A Revision 1},
  year = {2015},
  month = {June},
  url = {https://nvlpubs.nist.gov/nistpubs/SpecialPublications/NIST.SP.800-90Ar1.pdf}
}

@techreport{nist80038d,
  author = {Morris Dworkin},
  title = {Recommendation for Block Cipher Modes of Operation: Galois/Counter Mode (GCM) and GMAC},
  institution = {National Institute of Standards and Technology (NIST)},
  number = {Special Publication 800-38D},
  year = {2007},
  month = {November},
  url = {https://nvlpubs.nist.gov/nistpubs/Legacy/SP/nistspecialpublication800-38d.pdf}
}

@techreport{nist_fips197,
  title        = {Specification for the Advanced Encryption Standard (AES)},
  institution  = {National Institute of Standards and Technology (NIST)},
  number       = {FIPS PUB 197},
  year         = {2001},
  url          = {https://nvlpubs.nist.gov/nistpubs/FIPS/NIST.FIPS.197-upd1.pdf},
  author       = {{Federal Information Processing Standards Publication}},
  month        = {November}
}